@article{2019improved,
title = "Improved Architecture of Artificial Neural Network for Secondary Structure Analysis",
author = "Semyon Grigorev and Polina Lunina",
year = "2019",
doi = "https://doi.org/10.1186/s12859-019-3122-9",
language = "English",
volume = "20",
journal = "BMC Bioinformatics",
issn = "1471-2105",
publisher = "BioMed Central",
number = "S17",
}

@inproceedings{grigorev2019composition,
  title={The Composition of Dense Neural Networks and Formal Grammars for Secondary Structure Analysis},
  author={Grigorev, Semyon and Lunina, Polina},
  booktitle={Proceedings of the 12th International Joint Conference on Biomedical Engineering Systems and Technologies},
  volume={3},
  pages={234--241},
  year={2019}
}

@inproceedings{Azimov:2018:CPQ:3210259.3210264,
 author = {Azimov, Rustam and Grigorev, Semyon},
 title = {Context-free Path Querying by Matrix Multiplication},
 booktitle = {Proceedings of the 1st ACM SIGMOD Joint International Workshop on Graph Data Management Experiences \& Systems (GRADES) and Network Data Analytics (NDA)},
 series = {GRADES-NDA '18},
 year = {2018},
 isbn = {978-1-4503-5695-4},
 location = {Houston, Texas},
 pages = {5:1--5:10},
 articleno = {5},
 numpages = {10},
 url = {http://doi.acm.org/10.1145/3210259.3210264},
 doi = {10.1145/3210259.3210264},
 acmid = {3210264},
 publisher = {ACM},
 address = {New York, NY, USA},
 keywords = {GPGPU, context-free grammar, context-free path querying, graph databases, matrix multiplication, transitive closure},
}

@article{hamada2009prediction,
  title={Prediction of RNA secondary structure using generalized centroid estimators},
  author={Hamada, Michiaki and Kiryu, Hisanori and Sato, Kengo and Mituyama, Toutai and Asai, Kiyoshi},
  journal={Bioinformatics},
  volume={25},
  number={4},
  pages={465--473},
  year={2009},
  publisher={Oxford University Press}
}

@article{rnacentral,
    author = {The RNAcentral Consortium },
    title = "{RNAcentral: a hub of information for non-coding RNA sequences}",
    journal = {Nucleic Acids Research},
    volume = {47},
    number = {D1},
    pages = {D221-D229},
    year = {2018},
    month = {11},
    issn = {0305-1048},
    doi = {10.1093/nar/gky1034},
    url = {https://doi.org/10.1093/nar/gky1034},
    eprint = {https://academic.oup.com/nar/article-pdf/47/D1/D221/27437346/gky1034.pdf},
}
