@article{GrammarsRNA,
  title={The language of RNA: a formal grammar that includes pseudoknots},
  author={Rivas, Elena and Eddy, Sean R},
  journal={Bioinformatics},
  volume={16},
  number={4},
  pages={334--340},
  year={2000},
  publisher={Oxford University Press}
}

@article{PCFG,
  title={RNA secondary structure prediction using stochastic context-free grammars and evolutionary history},
  author={Knudsen, Bjarne and Hein, Jotun},
  journal={Bioinformatics (Oxford, England)},
  volume={15},
  number={6},
  pages={446--454},
  year={1999}
}


@article{LWPCFG,
  title={Evaluation of several lightweight stochastic context-free grammars for RNA secondary structure prediction},
  author={Dowell, Robin D and Eddy, Sean R},
  journal={BMC bioinformatics},
  volume={5},
  number={1},
  pages={71},
  year={2004},
  publisher={BioMed Central}
}

@book{EddyDurbin,
  title={Biological sequence analysis: probabilistic models of proteins and nucleic acids},
  author={Durbin, Richard and Eddy, Sean R and Krogh, Anders and Mitchison, Graeme},
  year={1998},
  publisher={Cambridge university press}
}
@article{Humidor,
  title={Humidor: Microbial Community Classification of the 16S Gene by Training CIGAR Strings with Convolutional Neural Networks},
  author={Sherman, Douglas},
  year={2017}
}

@inproceedings{ANN,
  title={Bacteria classification based on 16S ribosomal gene using artificial neural networks},
  author={Higashi, Susan and Hungria, Mariangela and Brunetto, MADC},
  booktitle={Proceedings of the 8th WSEAS International Conference on Computational intelligence, man-machine systems and cybernetics},
  pages={86--91},
  year={2009}
}

@online{trnadb,
  title="RNAcentral [Электронный ресурс]",
  url={https://rnacentral.org/},
  urldate="25.12.2019"
}

@online{fold,
  title="CentroidFold [Электронный ресурс]",
  url={http://rtools.cbrc.jp/centroidfold/},
  urldate="25.12.2019"
}


@inproceedings{Azimov:2018:CPQ:3210259.3210264,
 author = {Azimov, Rustam and Grigorev, Semyon},
 title = {Context-free Path Querying by Matrix Multiplication},
 booktitle = {Proceedings of the 1st ACM SIGMOD Joint International Workshop on Graph Data Management Experiences \& Systems (GRADES) and Network Data Analytics (NDA)},
 series = {GRADES-NDA '18},
 year = {2018},
 isbn = {978-1-4503-5695-4},
 location = {Houston, Texas},
 pages = {5:1--5:10},
 articleno = {5},
 numpages = {10},
 url = {http://doi.acm.org/10.1145/3210259.3210264},
 doi = {10.1145/3210259.3210264},
 acmid = {3210264},
 publisher = {ACM},
 address = {New York, NY, USA},
 keywords = {GPGPU, context-free grammar, context-free path querying, graph databases, matrix multiplication, transitive closure},
}

@online{jetbrains,
  title="JetBrains Programming Languages and Tools Lab [Электронный ресурс]",
  url={https://research.jetbrains.org/groups/plt_lab},
  urldate="05.05.2019"
}

@online{yacc,
  title="YaccConstructor [Электронный ресурс]",
  url={https://github.com/YaccConstructor},
  urldate="05.05.2019"
}

@misc{chollet2015keras,
  title={Keras},
  author={Chollet, Fran\c{c}ois and others},
  year={2015},
  howpublished={\url{https://keras.io}},
}

@misc{tensorflow2015-whitepaper,
title={{TensorFlow}: Large-Scale Machine Learning on Heterogeneous Systems},
url={http://tensorflow.org/},
note={Software available from tensorflow.org},
author={
    Mart\'{\i}n~Abadi and
    Ashish~Agarwal and
    Paul~Barham and
    Eugene~Brevdo and
    Zhifeng~Chen and
    Craig~Citro and
    Greg~S.~Corrado and
    Andy~Davis and
    Jeffrey~Dean and
    Matthieu~Devin and
    Sanjay~Ghemawat and
    Ian~Goodfellow and
    Andrew~Harp and
    Geoffrey~Irving and
    Michael~Isard and
    Yangqing Jia and
    Rafal~Jozefowicz and
    Lukasz~Kaiser and
    Manjunath~Kudlur and
    Josh~Levenberg and
    Dan~Man\'{e} and
    Rajat~Monga and
    Sherry~Moore and
    Derek~Murray and
    Chris~Olah and
    Mike~Schuster and
    Jonathon~Shlens and
    Benoit~Steiner and
    Ilya~Sutskever and
    Kunal~Talwar and
    Paul~Tucker and
    Vincent~Vanhoucke and
    Vijay~Vasudevan and
    Fernanda~Vi\'{e}gas and
    Oriol~Vinyals and
    Pete~Warden and
    Martin~Wattenberg and
    Martin~Wicke and
    Yuan~Yu and
    Xiaoqiang~Zheng},
  year={2015},
}

@online{rnacentral,
  title="RnaCentral database [Электронный ресурс]",
  url={https://rnacentral.org/},
  urldate="13.04.2020"
}

@article{sato2009centroidfold,
  title={CENTROIDFOLD: a web server for RNA secondary structure prediction},
  author={Sato, Kengo and Hamada, Michiaki and Asai, Kiyoshi and Mituyama, Toutai},
  journal={Nucleic acids research},
  volume={37},
  number={suppl\_2},
  pages={W277--W280},
  year={2009},
  publisher={Oxford University Press}
}

@online{pseudobase,
  title="Pseudobase database [Электронный ресурс]",
  url={http://pseudobaseplusplus.utep.edu/},
  urldate="13.04.2020"
}
