@misc{GraphBLAST,
    title={GraphBLAST: A High-Performance Linear Algebra-based Graph Framework on the GPU},
    author={Carl Yang and Aydin Buluc and John D. Owens},
    year={2019},
    eprint={1908.01407},
    archivePrefix={arXiv},
    primaryClass={cs.DC}
}

@INPROCEEDINGS{GBTL,
author={P. {Zhang} and M. {Zalewski} and A. {Lumsdaine} and S. {Misurda} and S. {McMillan}},
booktitle={2016 IEEE International Parallel and Distributed Processing Symposium Workshops (IPDPSW)},
title={GBTL-CUDA: Graph Algorithms and Primitives for GPUs},
year={2016},
pages={912-920},
keywords={C++ language;distributed memory systems;graphics processing units;linear algebra;parallel architectures;sparse matrices;high-level generic interface;abstract GPU programs;NVIDIA thrust framework;sparse-matrix computation;CUSP library;GPU functionality;C ++;GraphBLAS standardization;GraphBLAS template library;GPU systems;graphics processing unit;GraphBLAS primitives;distributed memory computers;programming environments;abstract graph program;linear algebra;abstract language;graph computation;graph algorithms;GBTL-CUDA;Sparse matrices;Graphics processing units;Libraries;Data structures;Linear algebra;Software algorithms},
doi={10.1109/IPDPSW.2016.185},
ISSN={null},
month={May},
}

@article{Gunrock,
   title={Gunrock},
   volume={4},
   ISSN={2329-4949},
   url={http://dx.doi.org/10.1145/3108140},
   DOI={10.1145/3108140},
   number={1},
   journal={ACM Transactions on Parallel Computing},
   publisher={Association for Computing Machinery (ACM)},
   author={Wang, Yangzihao and Riffel, Andy T. and Owens, John D. and Pan, Yuechao and Davidson, Andrew and Wu, Yuduo and Yang, Carl and Wang, Leyuan and Osama, Muhammad and Yuan, Chenshan and et al.},
   year={2017},
   month={Aug},
   pages={1–49}
}

@article{Ligra,
   title={Ligra},
   ISBN={9781450319225},
   url={http://dx.doi.org/10.1145/2442516.2442530},
   DOI={10.1145/2442516.2442530},
   journal={Proceedings of the 18th ACM SIGPLAN symposium on Principles and practice of parallel programming - PPoPP  ’13},
   publisher={ACM Press},
   author={Shun, Julian and Blelloch, Guy E.},
   year={2013}
}

@article{GraphBLAS,
   title={GraphBLAS C API: Ideas for future versions of the specification},
   ISBN={9781538634721},
   url={http://dx.doi.org/10.1109/HPEC.2017.8091095},
   DOI={10.1109/hpec.2017.8091095},
   journal={2017 IEEE High Performance Extreme Computing Conference (HPEC)},
   publisher={IEEE},
   author={Mattson, Timothy G. and Yang, Carl and McMillan, Scott and Buluc, Aydin and Moreira, Jose E.},
   year={2017},
   month={Sep}
}

@article{CombBLAS,
   title={The Combinatorial BLAS: design, implementation, and applications},
   volume={25},
   ISSN={1741-2846},
   url={http://dx.doi.org/10.1177/1094342011403516},
   DOI={10.1177/1094342011403516},
   number={4},
   journal={The International Journal of High Performance Computing Applications},
   publisher={SAGE Publications},
   author={Buluç, Aydın and Gilbert, John R},
   year={2011},
   month={May},
   pages={496–509}
}

@misc{SuiteSparse1,
  title={SuiteSparse: GraphBLAS: Graph algorithms in the language of sparse linear algebra. Submitted to ACM Transactions on Mathematical Software (TOMS), 2018},
  author={Davis, Timothy A},
  year={2019},
  publisher={Accessed}
}

@INPROCEEDINGS{SuiteSparse2,
  author={T. A. {Davis} and M. {Aznaveh} and S. {Kolodziej}},
  booktitle={2019 IEEE High Performance Extreme Computing Conference (HPEC)}, 
  title={Write Quick, Run Fast: Sparse Deep Neural Network in 20 Minutes of Development Time via SuiteSparse:GraphBLAS}, 
  year={2019},
  volume={},
  number={},
  pages={1-6}
}

@inbook{OpenMP,
author = {Mohsen Aznaveh and Jinhao Chen and Timothy A. Davis and Bálint Hegyi and Scott P. Kolodziej and Timothy G. Mattson and Gábor Szárnyas},
title = {Parallel GraphBLAS with OpenMP},
booktitle = {2020 Proceedings of the SIAM Workshop on Combinatorial Scientific Computing},
year={2020},
chapter = {},
pages = {138-148},
doi = {10.1137/1.9781611976229.14},
URL = {https://epubs.siam.org/doi/abs/10.1137/1.9781611976229.14},
eprint = {https://epubs.siam.org/doi/pdf/10.1137/1.9781611976229.14}
}

@online{UserGuide,
  author       = "Timothy A. Davis",
  title        = "User Guide for SuiteSparse:GraphBLAS",
  url          = {https://github.com/DrTimothyAldenDavis/SuiteSparse/blob/master/GraphBLAS/Doc/GraphBLAS_UserGuide.pdf},
  language     = "english"
}

@INPROCEEDINGS{LAGraph,
  author={T. {Mattson} and T. A. {Davis} and M. {Kumar} and A. {Buluc} and S. {McMillan} and J. {Moreira} and C. {Yang}},
  booktitle={2019 IEEE International Parallel and Distributed Processing Symposium Workshops (IPDPSW)}, 
  title={LAGraph: A Community Effort to Collect Graph Algorithms Built on Top of the GraphBLAS}, 
  year={2019},
  volume={},
  number={},
  pages={276-284}
}

@online{PrimVSBoruvka,
  author       = "Aydın Buluç",
  title        = "The Graph BLAS effort and its implications for Exascale",
  url          = {https://people.eecs.berkeley.edu/~aydin/ex14_graph_blas.pdf},
  language     = "english"
}

@article{Boruvka,
author = {Salihoglu, Semih and Widom, Jennifer},
title = {Optimizing Graph Algorithms on Pregel-like Systems},
year = {2014},
issue_date = {March 2014},
publisher = {VLDB Endowment},
volume = {7},
number = {7},
issn = {2150-8097},
url = {https://doi.org/10.14778/2732286.2732294},
doi = {10.14778/2732286.2732294},
journal = {Proc. VLDB Endow.},
month = mar,
pages = {577–588},
numpages = {12}
}
