@inproceedings{Azimov:2018:CPQ:3210259.3210264,
 author = {Azimov, Rustam and Grigorev, Semyon},
 title = {Context-free Path Querying by Matrix Multiplication},
 booktitle = {Proceedings of the 1st ACM SIGMOD Joint International Workshop on Graph Data Management Experiences \& Systems (GRADES) and Network Data Analytics (NDA)},
 series = {GRADES-NDA '18},
 year = {2018},
 isbn = {978-1-4503-5695-4},
 location = {Houston, Texas},
 pages = {5:1--5:10},
 articleno = {5},
 numpages = {10},
 url = {http://doi.acm.org/10.1145/3210259.3210264},
 doi = {10.1145/3210259.3210264},
 acmid = {3210264},

}

@inproceedings{single-path2020,
	author = {Terekhov, Arseniy and Khoroshev, Artyom and Azimov, Rustam and Grigorev, Semyon},
	title = {Context-Free Path Querying with Single-Path Semantics by Matrix Multiplication},
	booktitle = {Proceedings of the 3rd Joint International Workshop on Graph Data Management Experiences \& Systems (GRADES) and Network Data Analytics (NDA)},
	series = {GRADES-NDA '20},
	year = {2020},
	isbn = {978-1-4503-8021-8/20/06},
	location = {Portland, OR, USA},
	numpages = {10},
	url = {http://doi.acm.org/10.1145/3210259.3210264},
	doi = {110.1145/3398682.3399163},
	
} 

@inproceedings{Mishin:2019:ECP:3327964.3328503,
 author = {Mishin, Nikita and Sokolov, Iaroslav and Spirin, Egor and Kutuev, Vladimir and Nemchinov, Egor and Gorbatyuk, Sergey and Grigorev, Semyon},
 title = {Evaluation of the Context-Free Path Querying Algorithm Based on Matrix Multiplication},
 booktitle = {Proceedings of the 2Nd Joint International Workshop on Graph Data Management Experiences \& Systems (GRADES) and Network Data Analytics (NDA)},
 series = {GRADES-NDA'19},
 year = {2019},
 isbn = {978-1-4503-6789-9},
 location = {Amsterdam, Netherlands},
 pages = {12:1--12:5},
 articleno = {12},
 numpages = {5},
 url = {http://doi.acm.org/10.1145/3327964.3328503},
 doi = {10.1145/3327964.3328503},
 acmid = {3328503},
 publisher = {ACM},
 address = {New York, NY, USA},
 keywords = {CUDA, Context-free path querying, GPGPU, boolean matrix, context-free grammar, graph databases, matrix multiplication, transitive closure},
} 