@article{OptimalDLR,
 author = {Chatterjee, Krishnendu and Choudhary, Bhavya and Pavlogiannis, Andreas},
 title = {Optimal Dyck Reachability for Data-dependence and Alias Analysis},
 journal = {Proc. ACM Program. Lang.},
 issue_date = {January 2018},
 volume = {2},
 number = {POPL},
 month = dec,
 year = {2017},
 issn = {2475-1421},
 pages = {30:1--30:30},
 articleno = {30},
 numpages = {30},
 url = {http://doi.acm.org/10.1145/3158118},
 doi = {10.1145/3158118},
 acmid = {3158118},
 publisher = {ACM},
 address = {New York, NY, USA},
 keywords = {Bidirected graphs, CFL reachability, Data-dependence analysis, Dyck reachability, treewidth},
}

@article{Rytter,
  title={Context-free recognition via shortest paths computation: a version of Valiant's algorithm},
  author={Rytter, Wojciech},
  journal={Theoretical Computer Science},
  volume={143},
  number={2},
  pages={343--352},
  year={1995},
  publisher={Elsevier}
}

@article{bradford2018,
  title={Efficient exact paths for Dyck and semi-Dyck labeled path reachability},
  author={Bradford, Phillip G},
  journal={arXiv preprint arXiv:1802.05239},
  year={2018}
}

@article{schacke2004kronecker,
  title={On the kronecker product},
  author={Schacke, Kathrin},
  journal={Master's thesis, University of Waterloo},
  year={2004}
}

@article{Reps:2017:NPA:3062396.3024084,
 author = {Reps, Thomas and Turetsky, Emma and Prabhu, Prathmesh},
 title = {Newtonian Program Analysis via Tensor Product},
 journal = {ACM Trans. Program. Lang. Syst.},
 issue_date = {May 2017},
 volume = {39},
 number = {2},
 month = mar,
 year = {2017},
 issn = {0164-0925},
 pages = {9:1--9:72},
 articleno = {9},
 numpages = {72},
 url = {http://doi.acm.org/10.1145/3024084},
 doi = {10.1145/3024084},
 acmid = {3024084},
 publisher = {ACM},
 address = {New York, NY, USA},
 keywords = {Newton's method, interprocedural program analysis, polynomial fixed-point equation, regular expression, semiring, tensor product},
}

@inproceedings{Reps:1997:PAV:271338.271343,
 author = {Reps, Thomas},
 title = {Program Analysis via Graph Reachability},
 booktitle = {Proceedings of the 1997 International Symposium on Logic Programming},
 series = {ILPS '97},
 year = {1997},
 isbn = {0-262-63180-6},
 location = {Port Washington, New York, USA},
 pages = {5--19},
 numpages = {15},
 url = {http://dl.acm.org/citation.cfm?id=271338.271343},
 acmid = {271343},
 publisher = {MIT Press},
 address = {Cambridge, MA, USA},
}
