@inproceedings{Henriksen:2017:FPF:3062341.3062354,
 author = {Henriksen, Troels and Serup, Niels G. W. and Elsman, Martin and Henglein, Fritz and Oancea, Cosmin E.},
 title = {Futhark: Purely Functional GPU-programming with Nested Parallelism and In-place Array Updates},
 booktitle = {Proceedings of the 38th ACM SIGPLAN Conference on Programming Language Design and Implementation},
 series = {PLDI 2017},
 year = {2017},
 isbn = {978-1-4503-4988-8},
 location = {Barcelona, Spain},
 pages = {556--571},
 numpages = {16},
 url = {http://doi.acm.org/10.1145/3062341.3062354},
 doi = {10.1145/3062341.3062354},
 acmid = {3062354},
 publisher = {ACM},
 address = {New York, NY, USA},
 keywords = {GPGPU, compilers, functional language, parallel},
}

@INPROCEEDINGS{7761646,
author={J. {Kepner} and P. {Aaltonen} and D. {Bader} and A. {Buluc} and F. {Franchetti} and J. {Gilbert} and D. {Hutchison} and M. {Kumar} and A. {Lumsdaine} and H. {Meyerhenke} and S. {McMillan} and C. {Yang} and J. D. {Owens} and M. {Zalewski} and T. {Mattson} and J. {Moreira}},
booktitle={2016 IEEE High Performance Extreme Computing Conference (HPEC)},
title={Mathematical foundations of the GraphBLAS},
year={2016},
volume={},
number={},
pages={1-9},
keywords={graph theory;mathematics computing;matrix algebra;programming environments;mathematical foundations;GraphBLAS standard;GraphBlas.org;matrix-based graph algorithms;matrix-based graph operations;programming environments;adjacency matrices;incidence matrices;matrix multiplication;matrix mathematics;Matrices;Sparse matrices;Finite element analysis;Standards;Additives},
doi={10.1109/HPEC.2016.7761646},
ISSN={},
month={Sep.},}

@article{yang2019graphblast,
  title = {{GraphBLAST}: A High-Performance Linear Algebra-based Graph Framework on the {GPU}},
  author = {Carl Yang and Ayd{\i}n Bulu{\c{c}} and John D. Owens},
  year = {2019},
  journal = {arXiv preprint},
  arxiv = {https://arxiv.org/abs/1908.01407}
}

@article{10.1145/3322125,
author = {Davis, Timothy A.},
title = {Algorithm 1000: SuiteSparse:GraphBLAS: Graph Algorithms in the Language of Sparse Linear Algebra},
year = {2019},
issue_date = {December 2019},
publisher = {Association for Computing Machinery},
address = {New York, NY, USA},
volume = {45},
number = {4},
issn = {0098-3500},
url = {https://doi.org/10.1145/3322125},
doi = {10.1145/3322125},
journal = {ACM Trans. Math. Softw.},
month = dec,
articleno = {44},
numpages = {25},
keywords = {sparse matrices, GraphBLAS, Graph algorithms}
}

@inproceedings{kenter2019invited,
  title={Invited Tutorial: OpenCL design flows for Intel and Xilinx FPGAs: Using common design patterns and dealing with vendor-specific differences},
  author={Kenter, Tobias},
  booktitle={FSP Workshop 2019; Sixth International Workshop on FPGAs for Software Programmers},
  pages={1--8},
  year={2019},
  organization={VDE}
}

@INPROCEEDINGS{6567546,
  author={K. {Shagrithaya} and K. {Kepa} and P. {Athanas}},
  booktitle={2013 IEEE 24th International Conference on Application-Specific Systems, Architectures and Processors}, 
  title={Enabling development of OpenCL applications on FPGA platforms}, 
  year={2013},
  volume={},
  number={},
  pages={26-30},
  doi={10.1109/ASAP.2013.6567546}}